<record><leader>00000cas a22000007a 4500</leader><controlfield tag="001">14994689</controlfield><controlfield tag="008">861219c1uuu9999inuwr ne      0    0eng d</controlfield><datafield ind1=" " ind2=" " tag="010"><subfield code="a">sn 86059129 </subfield></datafield><datafield ind1=" " ind2=" " tag="040"><subfield code="a">NPI</subfield><subfield code="b">eng</subfield><subfield code="c">NPI</subfield><subfield code="d">OCLCQ</subfield></datafield><datafield ind1=" " ind2=" " tag="042"><subfield code="a">msc</subfield></datafield><datafield ind1="0" ind2=" " tag="130"><subfield code="a">Remington press (Remington, Ind.)</subfield></datafield><datafield ind1="1" ind2="4" tag="245"><subfield code="a">The Remington press.</subfield></datafield><datafield ind1=" " ind2=" " tag="260"><subfield code="a">Remington, Jasper County, Ind. :</subfield><subfield code="b">H.J. Bartoo</subfield></datafield><datafield ind1=" " ind2=" " tag="300"><subfield code="a">v.</subfield></datafield><datafield ind1=" " ind2=" " tag="310"><subfield code="a">Weekly</subfield></datafield><datafield ind1=" " ind2=" " tag="588"><subfield code="a">Description based on: Vol. 38, no. 25 (Nov. 17, 1916).</subfield></datafield><datafield ind1=" " ind2=" " tag="752"><subfield code="a">United States</subfield><subfield code="b">Indiana</subfield><subfield code="c">Jasper</subfield><subfield code="d">Remington.</subfield></datafield><datafield ind1="0" ind2="0" tag="780"><subfield code="t">Remington news (Remington, Ind.)</subfield><subfield code="w">(DLC)sn 86059127</subfield></datafield><datafield ind1="1" ind2=" " tag="029"><subfield code="a">AU@</subfield><subfield code="b">000025807274</subfield></datafield></record>